<?xml version="1.0" encoding="UTF-8"?><collection xmlns="http://www.loc.gov/MARC21/slim"><record><leader>00289nam--2200121-i-4500</leader><controlfield tag="001">000042695</controlfield><controlfield tag="002">20161230</controlfield><controlfield tag="005">20161230201043</controlfield><controlfield tag="008">060222s1000------------r-----000-0-eng-d</controlfield><datafield ind1=" " ind2=" " tag="080"><subfield code="a">31:33(075)</subfield></datafield><datafield ind1=" " ind2=" " tag="245"><subfield code="a">Statistica economica</subfield></datafield><datafield ind1=" " ind2=" " tag="260"><subfield code="a">Bucuresti, Ed.Did.Si Ped.,1965. 317 P</subfield></datafield><datafield ind1=" " ind2=" " tag="852"><subfield code="a">75989</subfield></datafield></record></collection>